@misc{Github1,
	title = "GitHub repository, Project 1",
	howpublished = "\url{https://github.com/simennb/fysstk4155-project1}"
}


@book{Hastie,
	author = {Hastie et al.},
	title = {The Elements of Statistical Learning - Data Mining, Inference, and 		Prediction},
	publisher = {Springer},
	year = {2017},
	edition = {Second edition},
}

@misc{vanwieringen2020lecture,
	title={Lecture notes on ridge regression}, 
    author={Wessel N. van Wieringen},
    year={2020},
    eprint={1509.09169},
    archivePrefix={arXiv},
    primaryClass={stat.ME}
}


@misc{Franke,
	title = {A Critical Comparison of Some Methods for Interpolation of Scattered Data},
  	author = {Franke,, Richard},
  	year = {1979},
  	URL = {https://calhoun.nps.edu/handle/10945/35052},
  	publisher = {Calhoun}
}


@misc{terrain,
	title = {EarthExplorer},
	howpublished = "\url{https://earthexplorer.usgs.gov/}"
}
